<?xml version="1.0" encoding="UTF-8"?><collection xmlns="http://www.loc.gov/MARC21/slim"><record><leader>00438nam--2200169-u-4500</leader><controlfield tag="001">000051238</controlfield><controlfield tag="002">20161230</controlfield><controlfield tag="005">20161230201049</controlfield><controlfield tag="008">080604s1000------------r-----000-0-eng-d</controlfield><datafield ind1=" " ind2=" " tag="040"><subfield code="a">IFIN-HH</subfield></datafield><datafield ind1=" " ind2=" " tag="080"><subfield code="a">513.83</subfield></datafield><datafield ind1="1" ind2=" " tag="100"><subfield code="a">Godeman,R</subfield></datafield><datafield ind1="1" ind2="0" tag="245"><subfield code="a">Algebraicheskaya Topologiya i Teoriya Puchkov</subfield></datafield><datafield ind1=" " ind2=" " tag="260"><subfield code="a">Moskva</subfield><subfield code="b">Izdatelstvo Inostrannoi Literatury</subfield><subfield code="c">1961</subfield></datafield><datafield ind1=" " ind2=" " tag="300"><subfield code="a">319 p</subfield></datafield><datafield ind1=" " ind2=" " tag="852"><subfield code="a">8103</subfield><subfield code="c">513.83</subfield></datafield><datafield ind1=" " ind2=" " tag="CAT"><subfield code="a">Sys</subfield><subfield code="c">20080604</subfield><subfield code="h">142244</subfield></datafield></record></collection>